@ARTICLE{1,
   author = {{Panaitescu}, A. and {Kumar}, P.},
    title = "{Analytic Light Curves of Gamma-Ray Burst Afterglows: Homogeneous versus Wind External Media}",
  journal = {\apj},
   eprint = {astro-ph/0003246},
 keywords = {Gamma Rays: Bursts, Methods: Analytical, Radiation Mechanisms: Nonthermal},
     year = 2000,
    month = nov,
   volume = 543,
    pages = {66-76},
      doi = {10.1086/317090},
   adsurl = {http://adsabs.harvard.edu/abs/2000ApJ...543...66P},
  adsnote = {Provided by the SAO/NASA Astrophysics Data System}
}

@ARTICLE{5,
   author = {{Mooley}, K.~P. and {Nakar}, E. and {Hotokezaka}, K. and {Hallinan}, G. and
	{Corsi}, A. and {Frail}, D.~A. and {Horesh}, A. and {Murphy}, T. and
	{Lenc}, E. and {Kaplan}, D.~L. and {de}, K. and {Dobie}, D. and
	{Chandra}, P. and {Deller}, A. and {Gottlieb}, O. and {Kasliwal}, M.~M. and
	{Kulkarni}, S.~R. and {Myers}, S.~T. and {Nissanke}, S. and
	{Piran}, T. and {Lynch}, C. and {Bhalerao}, V. and {Bourke}, S. and
	{Bannister}, K.~W. and {Singer}, L.~P.},
    title = "{A mildly relativistic wide-angle outflow in the neutron-star merger event GW170817}",
  journal = {\nat},
archivePrefix = "arXiv",
   eprint = {1711.11573},
 primaryClass = "astro-ph.HE",
     year = 2018,
    month = feb,
   volume = 554,
    pages = {207-210},
      doi = {10.1038/nature25452},
   adsurl = {http://adsabs.harvard.edu/abs/2018Natur.554..207M},
  adsnote = {Provided by the SAO/NASA Astrophysics Data System}
}
@ARTICLE{7,
   author = {{Gill}, R. and {Granot}, J.},
    title = "{Afterglow Imaging and Polarization of Misaligned Structured GRB Jets and Cocoons: Breaking the Degeneracy in GRB 170817A}",
  journal = {\mnras},
archivePrefix = "arXiv",
   eprint = {1803.05892},
 primaryClass = "astro-ph.HE",
 keywords = {gamma-ray burst: short, stars: neutron, stars: jets, polarization, relativistic processes, gravitational waves},
     year = 2018,
    month = may,
      doi = {10.1093/mnras/sty1214},
   adsurl = {http://adsabs.harvard.edu/abs/2018MNRAS.tmp.1159G},
  adsnote = {Provided by the SAO/NASA Astrophysics Data System}
}

@ARTICLE{9,
   author = {{Kasliwal}, M.~M. and {Nakar}, E. and {Singer}, L.~P. and {Kaplan}, D.~L. and
	{Cook}, D.~O. and {Van Sistine}, A. and {Lau}, R.~M. and {Fremling}, C. and
	{Gottlieb}, O. and {Jencson}, J.~E. and {Adams}, S.~M. and {Feindt}, U. and
	{Hotokezaka}, K. and {Ghosh}, S. and {Perley}, D.~A. and {Yu}, P.-C. and
	{Piran}, T. and {Allison}, J.~R. and {Anupama}, G.~C. and {Balasubramanian}, A. and
	{Bannister}, K.~W. and {Bally}, J. and {Barnes}, J. and {Barway}, S. and
	{Bellm}, E. and {Bhalerao}, V. and {Bhattacharya}, D. and {Blagorodnova}, N. and
	{Bloom}, J.~S. and {Brady}, P.~R. and {Cannella}, C. and {Chatterjee}, D. and
	{Cenko}, S.~B. and {Cobb}, B.~E. and {Copperwheat}, C. and {Corsi}, A. and
	{De}, K. and {Dobie}, D. and {Emery}, S.~W.~K. and {Evans}, P.~A. and
	{Fox}, O.~D. and {Frail}, D.~A. and {Frohmaier}, C. and {Goobar}, A. and
	{Hallinan}, G. and {Harrison}, F. and {Helou}, G. and {Hinderer}, T. and
	{Ho}, A.~Y.~Q. and {Horesh}, A. and {Ip}, W.-H. and {Itoh}, R. and
	{Kasen}, D. and {Kim}, H. and {Kuin}, N.~P.~M. and {Kupfer}, T. and
	{Lynch}, C. and {Madsen}, K. and {Mazzali}, P.~A. and {Miller}, A.~A. and
	{Mooley}, K. and {Murphy}, T. and {Ngeow}, C.-C. and {Nichols}, D. and
	{Nissanke}, S. and {Nugent}, P. and {Ofek}, E.~O. and {Qi}, H. and
	{Quimby}, R.~M. and {Rosswog}, S. and {Rusu}, F. and {Sadler}, E.~M. and
	{Schmidt}, P. and {Sollerman}, J. and {Steele}, I. and {Williamson}, A.~R. and
	{Xu}, Y. and {Yan}, L. and {Yatsu}, Y. and {Zhang}, C. and {Zhao}, W.
	},
    title = "{Illuminating gravitational waves: A concordant picture of photons from a neutron star merger}",
  journal = {Science},
archivePrefix = "arXiv",
   eprint = {1710.05436},
 primaryClass = "astro-ph.HE",
     year = 2017,
    month = dec,
   volume = 358,
    pages = {1559-1565},
      doi = {10.1126/science.aap9455},
   adsurl = {http://adsabs.harvard.edu/abs/2017Sci...358.1559K},
  adsnote = {Provided by the SAO/NASA Astrophysics Data System}
}
@ARTICLE{10,
   author = {{Dobie}, D. and {Kaplan}, D.~L. and {Murphy}, T. and {Lenc}, E. and
	{Mooley}, K.~P. and {Lynch}, C. and {Corsi}, A. and {Frail}, D. and
	{Kasliwal}, M. and {Hallinan}, G.},
    title = "{A Turnover in the Radio Light Curve of GW170817}",
  journal = {\apjl},
archivePrefix = "arXiv",
   eprint = {1803.06853},
 primaryClass = "astro-ph.HE",
 keywords = {gravitational waves, radio continuum: stars, stars: neutron },
     year = 2018,
    month = may,
   volume = 858,
      eid = {L15},
    pages = {L15},
      doi = {10.3847/2041-8213/aac105},
   adsurl = {http://adsabs.harvard.edu/abs/2018ApJ...858L..15D},
  adsnote = {Provided by the SAO/NASA Astrophysics Data System}
}

@ARTICLE{12,
   author = {{Hallinan}, G. and {Corsi}, A. and {Mooley}, K.~P. and {Hotokezaka}, K. and
	{Nakar}, E. and {Kasliwal}, M.~M. and {Kaplan}, D.~L. and {Frail}, D.~A. and
	{Myers}, S.~T. and {Murphy}, T. and {De}, K. and {Dobie}, D. and
	{Allison}, J.~R. and {Bannister}, K.~W. and {Bhalerao}, V. and
	{Chandra}, P. and {Clarke}, T.~E. and {Giacintucci}, S. and
	{Ho}, A.~Y.~Q. and {Horesh}, A. and {Kassim}, N.~E. and {Kulkarni}, S.~R. and
	{Lenc}, E. and {Lockman}, F.~J. and {Lynch}, C. and {Nichols}, D. and
	{Nissanke}, S. and {Palliyaguru}, N. and {Peters}, W.~M. and
	{Piran}, T. and {Rana}, J. and {Sadler}, E.~M. and {Singer}, L.~P.
	},
    title = "{A radio counterpart to a neutron star merger}",
  journal = {Science},
archivePrefix = "arXiv",
   eprint = {1710.05435},
 primaryClass = "astro-ph.HE",
     year = 2017,
    month = dec,
   volume = 358,
    pages = {1579-1583},
      doi = {10.1126/science.aap9855},
   adsurl = {http://adsabs.harvard.edu/abs/2017Sci...358.1579H},
  adsnote = {Provided by the SAO/NASA Astrophysics Data System}
}


@ARTICLE{13,
   author = {{D'Avanzo}, P. and {Campana}, S. and {Salafia}, O.~S. and {Ghirlanda}, G. and
	{Ghisellini}, G. and {Melandri}, A. and {Bernardini}, M.~G. and
	{Branchesi}, M. and {Chassande-Mottin}, E. and {Covino}, S. and
	{D'Elia}, V. and {Nava}, L. and {Salvaterra}, R. and {Tagliaferri}, G. and
	{Vergani}, S.~D.},
    title = "{The evolution of the X-ray afterglow emission of GW 170817/ GRB 170817A in XMM-Newton observations}",
  journal = {\aap},
archivePrefix = "arXiv",
   eprint = {1801.06164},
 primaryClass = "astro-ph.HE",
 keywords = {gravitational waves, gamma rays: general},
     year = 2018,
    month = may,
   volume = 613,
      eid = {L1},
    pages = {L1},
      doi = {10.1051/0004-6361/201832664},
   adsurl = {http://adsabs.harvard.edu/abs/2018A%26A...613L...1D},
  adsnote = {Provided by the SAO/NASA Astrophysics Data System}
}

@ARTICLE{17,
   author = {{Margutti}, R. and {Alexander}, K.~D. and {Xie}, X. and {Sironi}, L. and
	{Metzger}, B.~D. and {Kathirgamaraju}, A. and {Fong}, W. and
	{Blanchard}, P.~K. and {Berger}, E. and {MacFadyen}, A. and
	{Giannios}, D. and {Guidorzi}, C. and {Hajela}, A. and {Chornock}, R. and
	{Cowperthwaite}, P.~S. and {Eftekhari}, T. and {Nicholl}, M. and
	{Villar}, V.~A. and {Williams}, P.~K.~G. and {Zrake}, J.},
    title = "{The Binary Neutron Star Event LIGO/Virgo GW170817 160 Days after Merger: Synchrotron Emission across the Electromagnetic Spectrum}",
  journal = {\apjl},
archivePrefix = "arXiv",
   eprint = {1801.03531},
 primaryClass = "astro-ph.HE",
 keywords = {gravitational waves },
     year = 2018,
    month = mar,
   volume = 856,
      eid = {L18},
    pages = {L18},
      doi = {10.3847/2041-8213/aab2ad},
   adsurl = {http://adsabs.harvard.edu/abs/2018ApJ...856L..18M},
  adsnote = {Provided by the SAO/NASA Astrophysics Data System}
}


@article{20,
author = {Nelder, J. A. and Mead, R.},
title = {A Simplex Method for Function Minimization},
journal = {The Computer Journal},
volume = {7},
number = {4},
pages = {308-313},
year = {1965},
doi = {10.1093/comjnl/7.4.308},
URL = {http://dx.doi.org/10.1093/comjnl/7.4.308},
eprint = {/oup/backfile/content_public/journal/comjnl/7/4/10.1093/comjnl/7.4.308/2/7-4-308.pdf}
}

@ARTICLE{23,
   author = {{Abbott}, B.~P. and {Abbott}, R. and {Abbott}, T.~D. and {Acernese}, F. and
	{Ackley}, K. and {Adams}, C. and {Adams}, T. and {Addesso}, P. and
	{Adhikari}, R.~X. and {Adya}, V.~B. and et al.},
    title = "{GW170817: Observation of Gravitational Waves from a Binary Neutron Star Inspiral}",
  journal = {Physical Review Letters},
archivePrefix = "arXiv",
   eprint = {1710.05832},
 primaryClass = "gr-qc",
     year = 2017,
    month = oct,
   volume = 119,
   number = 16,
      eid = {161101},
    pages = {161101},
      doi = {10.1103/PhysRevLett.119.161101},
   adsurl = {http://adsabs.harvard.edu/abs/2017PhRvL.119p1101A},
  adsnote = {Provided by the SAO/NASA Astrophysics Data System}
}

@ARTICLE{26,
   author = {{Gehrels}, N. and {Ramirez-Ruiz}, E. and {Fox}, D.~B.},
    title = "{Gamma-Ray Bursts in the Swift Era}",
  journal = {\araa},
archivePrefix = "arXiv",
   eprint = {0909.1531},
 primaryClass = "astro-ph.HE",
     year = 2009,
    month = sep,
   volume = 47,
    pages = {567-617},
      doi = {10.1146/annurev.astro.46.060407.145147},
   adsurl = {http://adsabs.harvard.edu/abs/2009ARA%26A..47..567G},
  adsnote = {Provided by the SAO/NASA Astrophysics Data System}
}

@ARTICLE{27,
   author = {{Piran}, T.},
    title = "{Gamma-ray bursts and the fireball model}",
  journal = {\physrep},
   eprint = {astro-ph/9810256},
     year = 1999,
    month = jun,
   volume = 314,
    pages = {575-667},
      doi = {10.1016/S0370-1573(98)00127-6},
   adsurl = {http://adsabs.harvard.edu/abs/1999PhR...314..575P},
  adsnote = {Provided by the SAO/NASA Astrophysics Data System}
}

@ARTICLE{28,
   author = {{Berger}, E.},
    title = "{Short-Duration Gamma-Ray Bursts}",
  journal = {\araa},
archivePrefix = "arXiv",
   eprint = {1311.2603},
 primaryClass = "astro-ph.HE",
     year = 2014,
    month = aug,
   volume = 52,
    pages = {43-105},
      doi = {10.1146/annurev-astro-081913-035926},
   adsurl = {http://adsabs.harvard.edu/abs/2014ARA%26A..52...43B},
  adsnote = {Provided by the SAO/NASA Astrophysics Data System}
}

@ARTICLE{29,
   author = {{Alexander}, K.~D. and {Margutti}, R. and {Blanchard}, P.~K. and
	{Fong}, W. and {Berger}, E. and {Hajela}, A. and {Eftekhari}, T. and
	{Chornock}, R. and {Cowperthwaite}, P.~S. and {Giannios}, D. and
	{Guidorzi}, C. and {Kathirgamaraju}, A. and {MacFadyen}, A. and
	{Metzger}, B.~D. and {Nicholl}, M. and {Sironi}, L. and {Villar}, V.~A. and
	{Williams}, P.~K.~G. and {Xie}, X. and {Zrake}, J.},
    title = "{A Decline in the X-ray through Radio Emission from GW170817 Continues to Support an Off-Axis Structured Jet}",
  journal = {ArXiv e-prints},
archivePrefix = "arXiv",
   eprint = {1805.02870},
 primaryClass = "astro-ph.HE",
 keywords = {Astrophysics - High Energy Astrophysical Phenomena},
     year = 2018,
    month = may,
   adsurl = {http://adsabs.harvard.edu/abs/2018arXiv180502870A},
  adsnote = {Provided by the SAO/NASA Astrophysics Data System}
}

@ARTICLE{33,
   author = {{Palmese}, A. and {Hartley}, W. and {Tarsitano}, F. and {Conselice}, C. and
	{Lahav}, O. and {Allam}, S. and {Annis}, J. and {Lin}, H. and
	{Soares-Santos}, M. and {Tucker}, D. and {Brout}, D. and {Banerji}, M. and
	{Bechtol}, K. and {Diehl}, H.~T. and {Fruchter}, A. and {Garc{\'{\i}}a-Bellido}, J. and
	{Herner}, K. and {Levan}, A.~J. and {Li}, T.~S. and {Lidman}, C. and
	{Misra}, K. and {Sako}, M. and {Scolnic}, D. and {Smith}, M. and
	{Abbott}, T.~M.~C. and {Abdalla}, F.~B. and {Benoit-L{\'e}vy}, A. and
	{Bertin}, E. and {Brooks}, D. and {Buckley-Geer}, E. and {Carnero Rosell}, A. and
	{Carrasco Kind}, M. and {Carretero}, J. and {Castander}, F.~J. and
	{Cunha}, C.~E. and {D'Andrea}, C.~B. and {da Costa}, L.~N. and
	{Davis}, C. and {DePoy}, D.~L. and {Desai}, S. and {Dietrich}, J.~P. and
	{Doel}, P. and {Drlica-Wagner}, A. and {Eifler}, T.~F. and {Evrard}, A.~E. and
	{Flaugher}, B. and {Fosalba}, P. and {Frieman}, J. and {Gaztanaga}, E. and
	{Gerdes}, D.~W. and {Giannantonio}, T. and {Gruen}, D. and {Gruendl}, R.~A. and
	{Gschwend}, J. and {Gutierrez}, G. and {Honscheid}, K. and {Jain}, B. and
	{James}, D.~J. and {Jeltema}, T. and {Johnson}, M.~W.~G. and
	{Johnson}, M.~D. and {Krause}, E. and {Kron}, R. and {Kuehn}, K. and
	{Kuhlmann}, S. and {Kuropatkin}, N. and {Lima}, M. and {Maia}, M.~A.~G. and
	{March}, M. and {Marshall}, J.~L. and {McMahon}, R.~G. and {Menanteau}, F. and
	{Miller}, C.~J. and {Miquel}, R. and {Neilsen}, E. and {Ogando}, R.~L.~C. and
	{Plazas}, A.~A. and {Reil}, K. and {Romer}, A.~K. and {Sanchez}, E. and
	{Schindler}, R. and {Smith}, R.~C. and {Sobreira}, F. and {Suchyta}, E. and
	{Swanson}, M.~E.~C. and {Tarle}, G. and {Thomas}, D. and {Thomas}, R.~C. and
	{Walker}, A.~R. and {Weller}, J. and {Zhang}, Y. and {Zuntz}, J.
	},
    title = "{Evidence for Dynamically Driven Formation of the GW170817 Neutron Star Binary in NGC 4993}",
  journal = {\apjl},
archivePrefix = "arXiv",
   eprint = {1710.06748},
 primaryClass = "astro-ph.HE",
 keywords = {galaxies: individual: NGC 4993, galaxies: evolution, galaxies: structure, gravitational waves},
     year = 2017,
    month = nov,
   volume = 849,
      eid = {L34},
    pages = {L34},
      doi = {10.3847/2041-8213/aa9660},
   adsurl = {http://adsabs.harvard.edu/abs/2017ApJ...849L..34P},
  adsnote = {Provided by the SAO/NASA Astrophysics Data System}
}

@ARTICLE{35,
   author = {{Yonetoku}, D. and {Murakami}, T. and {Nakamura}, T. and {Yamazaki}, R. and
	{Inoue}, A.~K. and {Ioka}, K.},
    title = "{Gamma-Ray Burst Formation Rate Inferred from the Spectral Peak Energy-Peak Luminosity Relation}",
  journal = {\apj},
   eprint = {astro-ph/0309217},
 keywords = {Cosmology: Early Universe, Gamma Rays: Bursts},
     year = 2004,
    month = jul,
   volume = 609,
    pages = {935-951},
      doi = {10.1086/421285},
   adsurl = {http://adsabs.harvard.edu/abs/2004ApJ...609..935Y},
  adsnote = {Provided by the SAO/NASA Astrophysics Data System}
}

@ARTICLE{36,
   author = {{D'Avanzo}, P. and {Salvaterra}, R. and {Bernardini}, M.~G. and
	{Nava}, L. and {Campana}, S. and {Covino}, S. and {D'Elia}, V. and
	{Ghirlanda}, G. and {Ghisellini}, G. and {Melandri}, A. and
	{Sbarufatti}, B. and {Vergani}, S.~D. and {Tagliaferri}, G.},
    title = "{A complete sample of bright Swift short gamma-ray bursts}",
  journal = {\mnras},
archivePrefix = "arXiv",
   eprint = {1405.5131},
 primaryClass = "astro-ph.HE",
 keywords = {gamma-rays: general, X-rays: general},
     year = 2014,
    month = aug,
   volume = 442,
    pages = {2342-2356},
      doi = {10.1093/mnras/stu994},
   adsurl = {http://adsabs.harvard.edu/abs/2014MNRAS.442.2342D},
  adsnote = {Provided by the SAO/NASA Astrophysics Data System}
}


@ARTICLE{37,
   author = {{Abbott}, B.~P. and {Abbott}, R. and {Abbott}, T.~D. and {Acernese}, F. and
	{Ackley}, K. and {Adams}, C. and {Adams}, T. and {Addesso}, P. and
	{Adhikari}, R.~X. and {Adya}, V.~B. and et al.},
    title = "{Gravitational Waves and Gamma-Rays from a Binary Neutron Star Merger: GW170817 and GRB 170817A}",
  journal = {\apjl},
archivePrefix = "arXiv",
   eprint = {1710.05834},
 primaryClass = "astro-ph.HE",
 keywords = {binaries: close, gamma-ray burst: general, gravitational waves},
     year = 2017,
    month = oct,
   volume = 848,
      eid = {L13},
    pages = {L13},
      doi = {10.3847/2041-8213/aa920c},
   adsurl = {http://adsabs.harvard.edu/abs/2017ApJ...848L..13A},
  adsnote = {Provided by the SAO/NASA Astrophysics Data System}
}

@ARTICLE{38,
   author = {{Drout}, M.~R. and {Piro}, A.~L. and {Shappee}, B.~J. and {Kilpatrick}, C.~D. and
	{Simon}, J.~D. and {Contreras}, C. and {Coulter}, D.~A. and
	{Foley}, R.~J. and {Siebert}, M.~R. and {Morrell}, N. and {Boutsia}, K. and
	{Di Mille}, F. and {Holoien}, T.~W.-S. and {Kasen}, D. and {Kollmeier}, J.~A. and
	{Madore}, B.~F. and {Monson}, A.~J. and {Murguia-Berthier}, A. and
	{Pan}, Y.-C. and {Prochaska}, J.~X. and {Ramirez-Ruiz}, E. and
	{Rest}, A. and {Adams}, C. and {Alatalo}, K. and {Ba{\~n}ados}, E. and
	{Baughman}, J. and {Beers}, T.~C. and {Bernstein}, R.~A. and
	{Bitsakis}, T. and {Campillay}, A. and {Hansen}, T.~T. and {Higgs}, C.~R. and
	{Ji}, A.~P. and {Maravelias}, G. and {Marshall}, J.~L. and {Moni Bidin}, C. and
	{Prieto}, J.~L. and {Rasmussen}, K.~C. and {Rojas-Bravo}, C. and
	{Strom}, A.~L. and {Ulloa}, N. and {Vargas-Gonz{\'a}lez}, J. and
	{Wan}, Z. and {Whitten}, D.~D.},
    title = "{Light curves of the neutron star merger GW170817/SSS17a: Implications for r-process nucleosynthesis}",
  journal = {Science},
archivePrefix = "arXiv",
   eprint = {1710.05443},
 primaryClass = "astro-ph.HE",
     year = 2017,
    month = dec,
   volume = 358,
    pages = {1570-1574},
      doi = {10.1126/science.aaq0049},
   adsurl = {http://adsabs.harvard.edu/abs/2017Sci...358.1570D},
  adsnote = {Provided by the SAO/NASA Astrophysics Data System}
}

@incollection{39,
title = "Fluid Mechanics (Second Edition) ",
publisher = "Pergamon",
edition = "Second Edition",
address = "",
year = "1987",
pages = "505 - 514",
isbn = "978-0-08-033933-7",
doi = "https://doi.org/10.1016/B978-0-08-033933-7.50023-4",
url = "https://www.sciencedirect.com/science/article/pii/B9780080339337500234",
author = "L.D. Landau and E.M. Lifschitz",
abstract = "Publisher Summary This chapter discusses the relativistic equations of fluid motion. The finding of the relativistic equations of fluid dynamics in the presence of dissipative processes—viscosity and thermal conduction—amounts to determining the form of the additional terms in the energy-momentum tensor and in the particle flux density vector. The required form of the tensor τik and the vector νi can be established from the requirements of the law of increase of entropy. This law must be contained in the equations of motion. In particular, pure thermal conduction corresponds to an energy flux with no particle flux. In the relativistic case of thermal conduction, the heat flux is proportional not to the temperature gradient simply but to a certain combination of the temperature and pressure gradients. "
}

@ARTICLE{42,
   author = {{Gottlieb}, O. and {Nakar}, E. and {Piran}, T.},
    title = "{The cocoon emission - an electromagnetic counterpart to gravitational waves from neutron star mergers}",
  journal = {\mnras},
archivePrefix = "arXiv",
   eprint = {1705.10797},
 primaryClass = "astro-ph.HE",
 keywords = {gravitational waves, methods: numerical, gamma-ray burst: general, stars: neutron, methods: numerical - gamma-ray burst: general},
     year = 2018,
    month = jan,
   volume = 473,
    pages = {576-584},
      doi = {10.1093/mnras/stx2357},
   adsurl = {http://adsabs.harvard.edu/abs/2018MNRAS.473..576G},
  adsnote = {Provided by the SAO/NASA Astrophysics Data System}
}

@ARTICLE{43,
   author = {{Kennicutt}, Jr., R.~C.},
    title = "{The Global Schmidt Law in Star-forming Galaxies}",
  journal = {\apj},
   eprint = {astro-ph/9712213},
 keywords = {GALAXIES: EVOLUTION, GALAXIES: ISM, GALAXIES: SPIRAL, GALAXIES: STELLAR CONTENT, GALAXIES: STARBURST, STARS: FORMATION, Galaxies: Evolution, Galaxies: ISM, Galaxies: Spiral, Galaxies: Starburst, Galaxies: Stellar Content, Stars: Formation},
     year = 1998,
    month = may,
   volume = 498,
    pages = {541-552},
      doi = {10.1086/305588},
   adsurl = {http://adsabs.harvard.edu/abs/1998ApJ...498..541K},
  adsnote = {Provided by the SAO/NASA Astrophysics Data System}
}

@ARTICLE{44,
   author = {{Cappellari}, M.},
    title = "{Structure and Kinematics of Early-Type Galaxies from Integral Field Spectroscopy}",
  journal = {\araa},
archivePrefix = "arXiv",
   eprint = {1602.04267},
     year = 2016,
    month = sep,
   volume = 54,
    pages = {597-665},
      doi = {10.1146/annurev-astro-082214-122432},
   adsurl = {http://adsabs.harvard.edu/abs/2016ARA%26A..54..597C},
  adsnote = {Provided by the SAO/NASA Astrophysics Data System}
}


@ARTICLE{45,
   author = {{Woods}, E. and {Loeb}, A.},
    title = "{Constraints on Off-Axis X-Ray Emission from Beamed Gamma-Ray Bursts}",
  journal = {\apj},
   eprint = {astro-ph/9907110},
 keywords = {GAMMA RAYS: BURSTS, Gamma Rays: Bursts},
     year = 1999,
    month = sep,
   volume = 523,
    pages = {187-191},
      doi = {10.1086/307738},
   adsurl = {http://adsabs.harvard.edu/abs/1999ApJ...523..187W},
  adsnote = {Provided by the SAO/NASA Astrophysics Data System}
}


@ARTICLE{47,
   author = {{Lloyd-Ronning}, N.~M. and {Zhang}, B.},
    title = "{On the Kinetic Energy and Radiative Efficiency of Gamma-Ray Bursts}",
  journal = {\apj},
   eprint = {astro-ph/0404107},
 keywords = {Gamma Rays: Bursts, Radiation Mechanisms: Nonthermal},
     year = 2004,
    month = sep,
   volume = 613,
    pages = {477-483},
      doi = {10.1086/423026},
   adsurl = {http://adsabs.harvard.edu/abs/2004ApJ...613..477L},
  adsnote = {Provided by the SAO/NASA Astrophysics Data System}
}

@ARTICLE{48,
   author = {{Zhang}, B. and {Liang}, E. and {Page}, K.~L. and {Grupe}, D. and
	{Zhang}, B.-B. and {Barthelmy}, S.~D. and {Burrows}, D.~N. and
	{Campana}, S. and {Chincarini}, G. and {Gehrels}, N. and {Kobayashi}, S. and
	{M{\'e}sz{\'a}ros}, P. and {Moretti}, A. and {Nousek}, J.~A. and
	{O'Brien}, P.~T. and {Osborne}, J.~P. and {Roming}, P.~W.~A. and
	{Sakamoto}, T. and {Schady}, P. and {Willingale}, R.},
    title = "{GRB Radiative Efficiencies Derived from the Swift Data: GRBs versus XRFs, Long versus Short}",
  journal = {\apj},
   eprint = {astro-ph/0610177},
 keywords = {Gamma Rays: Bursts, Methods: Statistical, Radiation Mechanisms: Nonthermal, Shock Waves},
     year = 2007,
    month = feb,
   volume = 655,
    pages = {989-1001},
      doi = {10.1086/510110},
   adsurl = {http://adsabs.harvard.edu/abs/2007ApJ...655..989Z},
  adsnote = {Provided by the SAO/NASA Astrophysics Data System}
}

@ARTICLE{49,
   author = {{Zappa}, F. and {Bernuzzi}, S. and {Radice}, D. and {Perego}, A. and
	{Dietrich}, T.},
    title = "{Gravitational-Wave Luminosity of Binary Neutron Stars Mergers}",
  journal = {Physical Review Letters},
archivePrefix = "arXiv",
   eprint = {1712.04267},
 primaryClass = "gr-qc",
     year = 2018,
    month = mar,
   volume = 120,
   number = 11,
      eid = {111101},
    pages = {111101},
      doi = {10.1103/PhysRevLett.120.111101},
   adsurl = {http://adsabs.harvard.edu/abs/2018PhRvL.120k1101Z},
  adsnote = {Provided by the SAO/NASA Astrophysics Data System}
}

@ARTICLE{50,
   author = {{Daigne}, F. and {Mochkovitch}, R.},
    title = "{The low-luminosity tail of the GRB distribution: the case of GRB 980425}",
  journal = {\aap},
archivePrefix = "arXiv",
   eprint = {0707.0931},
 keywords = {gamma rays: bursts, star: supernovae: individual: SN1998bw, shock waves, radiation mechanisms: non-thermal},
     year = 2007,
    month = apr,
   volume = 465,
    pages = {1-8},
      doi = {10.1051/0004-6361:20066080},
   adsurl = {http://adsabs.harvard.edu/abs/2007A%26A...465....1D},
  adsnote = {Provided by the SAO/NASA Astrophysics Data System}
}

@ARTICLE{51,
   author = {{Abbott}, B.~P. and {Abbott}, R. and {Abbott}, T.~D. and {Acernese}, F. and
	{Ackley}, K. and {Adams}, C. and {Adams}, T. and {Addesso}, P. and
	{Adhikari}, R.~X. and {Adya}, V.~B. and et al.},
    title = "{Multi-messenger Observations of a Binary Neutron Star Merger}",
  journal = {\apjl},
archivePrefix = "arXiv",
   eprint = {1710.05833},
 primaryClass = "astro-ph.HE",
 keywords = {gravitational waves, stars: neutron },
     year = 2017,
    month = oct,
   volume = 848,
      eid = {L12},
    pages = {L12},
      doi = {10.3847/2041-8213/aa91c9},
   adsurl = {http://adsabs.harvard.edu/abs/2017ApJ...848L..12A},
  adsnote = {Provided by the SAO/NASA Astrophysics Data System}
}

@ARTICLE{52,
   author = {{Goldstein}, A. and {Veres}, P. and {Burns}, E. and {Briggs}, M.~S. and
	{Hamburg}, R. and {Kocevski}, D. and {Wilson-Hodge}, C.~A. and
	{Preece}, R.~D. and {Poolakkil}, S. and {Roberts}, O.~J. and
	{Hui}, C.~M. and {Connaughton}, V. and {Racusin}, J. and {von Kienlin}, A. and
	{Dal Canton}, T. and {Christensen}, N. and {Littenberg}, T. and
	{Siellez}, K. and {Blackburn}, L. and {Broida}, J. and {Bissaldi}, E. and
	{Cleveland}, W.~H. and {Gibby}, M.~H. and {Giles}, M.~M. and
	{Kippen}, R.~M. and {McBreen}, S. and {McEnery}, J. and {Meegan}, C.~A. and
	{Paciesas}, W.~S. and {Stanbro}, M.},
    title = "{An Ordinary Short Gamma-Ray Burst with Extraordinary Implications: Fermi-GBM Detection of GRB 170817A}",
  journal = {\apjl},
archivePrefix = "arXiv",
   eprint = {1710.05446},
 primaryClass = "astro-ph.HE",
 keywords = {gamma-ray burst: individual: 170817A},
     year = 2017,
    month = oct,
   volume = 848,
      eid = {L14},
    pages = {L14},
      doi = {10.3847/2041-8213/aa8f41},
   adsurl = {http://adsabs.harvard.edu/abs/2017ApJ...848L..14G},
  adsnote = {Provided by the SAO/NASA Astrophysics Data System}
}

@ARTICLE{53,
   author = {{Smartt}, S.~J. and {Chen}, T.-W. and {Jerkstrand}, A. and {Coughlin}, M. and
	{Kankare}, E. and {Sim}, S.~A. and {Fraser}, M. and {Inserra}, C. and
	{Maguire}, K. and {Chambers}, K.~C. and {Huber}, M.~E. and {Kr{\"u}hler}, T. and
	{Leloudas}, G. and {Magee}, M. and {Shingles}, L.~J. and {Smith}, K.~W. and
	{Young}, D.~R. and {Tonry}, J. and {Kotak}, R. and {Gal-Yam}, A. and
	{Lyman}, J.~D. and {Homan}, D.~S. and {Agliozzo}, C. and {Anderson}, J.~P. and
	{Angus}, C.~R. and {Ashall}, C. and {Barbarino}, C. and {Bauer}, F.~E. and
	{Berton}, M. and {Botticella}, M.~T. and {Bulla}, M. and {Bulger}, J. and
	{Cannizzaro}, G. and {Cano}, Z. and {Cartier}, R. and {Cikota}, A. and
	{Clark}, P. and {De Cia}, A. and {Della Valle}, M. and {Denneau}, L. and
	{Dennefeld}, M. and {Dessart}, L. and {Dimitriadis}, G. and
	{Elias-Rosa}, N. and {Firth}, R.~E. and {Flewelling}, H. and
	{Fl{\"o}rs}, A. and {Franckowiak}, A. and {Frohmaier}, C. and
	{Galbany}, L. and {Gonz{\'a}lez-Gait{\'a}n}, S. and {Greiner}, J. and
	{Gromadzki}, M. and {Guelbenzu}, A.~N. and {Guti{\'e}rrez}, C.~P. and
	{Hamanowicz}, A. and {Hanlon}, L. and {Harmanen}, J. and {Heintz}, K.~E. and
	{Heinze}, A. and {Hernandez}, M.-S. and {Hodgkin}, S.~T. and
	{Hook}, I.~M. and {Izzo}, L. and {James}, P.~A. and {Jonker}, P.~G. and
	{Kerzendorf}, W.~E. and {Klose}, S. and {Kostrzewa-Rutkowska}, Z. and
	{Kowalski}, M. and {Kromer}, M. and {Kuncarayakti}, H. and {Lawrence}, A. and
	{Lowe}, T.~B. and {Magnier}, E.~A. and {Manulis}, I. and {Martin-Carrillo}, A. and
	{Mattila}, S. and {McBrien}, O. and {M{\"u}ller}, A. and {Nordin}, J. and
	{O'Neill}, D. and {Onori}, F. and {Palmerio}, J.~T. and {Pastorello}, A. and
	{Patat}, F. and {Pignata}, G. and {Podsiadlowski}, P. and {Pumo}, M.~L. and
	{Prentice}, S.~J. and {Rau}, A. and {Razza}, A. and {Rest}, A. and
	{Reynolds}, T. and {Roy}, R. and {Ruiter}, A.~J. and {Rybicki}, K.~A. and
	{Salmon}, L. and {Schady}, P. and {Schultz}, A.~S.~B. and {Schweyer}, T. and
	{Seitenzahl}, I.~R. and {Smith}, M. and {Sollerman}, J. and
	{Stalder}, B. and {Stubbs}, C.~W. and {Sullivan}, M. and {Szegedi}, H. and
	{Taddia}, F. and {Taubenberger}, S. and {Terreran}, G. and {van Soelen}, B. and
	{Vos}, J. and {Wainscoat}, R.~J. and {Walton}, N.~A. and {Waters}, C. and
	{Weiland}, H. and {Willman}, M. and {Wiseman}, P. and {Wright}, D.~E. and
	{Wyrzykowski}, {\L}. and {Yaron}, O.},
    title = "{A kilonova as the electromagnetic counterpart to a gravitational-wave source}",
  journal = {\nat},
archivePrefix = "arXiv",
   eprint = {1710.05841},
 primaryClass = "astro-ph.HE",
     year = 2017,
    month = nov,
   volume = 551,
    pages = {75-79},
      doi = {10.1038/nature24303},
   adsurl = {http://adsabs.harvard.edu/abs/2017Natur.551...75S},
  adsnote = {Provided by the SAO/NASA Astrophysics Data System}
}


@ARTICLE{54,
   author = {{Abbott}, B.~P. and {Abbott}, R. and {Abbott}, T.~D. and {Abernathy}, M.~R. and
	{Acernese}, F. and {Ackley}, K. and {Adams}, C. and {Adams}, T. and
	{Addesso}, P. and {Adhikari}, R.~X. and et al.},
    title = "{Prospects for observing and localizing gravitational-wave transients with Advanced LIGO, Advanced Virgo and KAGRA}",
  journal = {Living Reviews in Relativity},
archivePrefix = "arXiv",
   eprint = {1304.0670},
 primaryClass = "gr-qc",
 keywords = {Gravitational waves, Gravitational-wave detectors, Electromagnetic counterparts, Data analysis},
     year = 2018,
    month = apr,
   volume = 21,
      eid = {3},
    pages = {3},
      doi = {10.1007/s41114-018-0012-9},
   adsurl = {http://adsabs.harvard.edu/abs/2018LRR....21....3A},
  adsnote = {Provided by the SAO/NASA Astrophysics Data System}
}

@BOOK{55,
   author = {{Rybicki}, G.~B. and {Lightman}, A.~P.},
    title = "{Radiative processes in astrophysics}",
 keywords = {Astrophysics, Radiative Transfer, Atomic Structure, Bremsstrahlung, Compton Effect, Covariance, Kinematics, Molecular Structure, Plasma Radiation, Radiation Distribution, Relativistic Effects, Synchrotron Radiation},
booktitle = {New York, Wiley-Interscience, 1979.~393 p.},
     year = 1979,
   adsurl = {http://adsabs.harvard.edu/abs/1979rpa..book.....R},
  adsnote = {Provided by the SAO/NASA Astrophysics Data System}
}

@INPROCEEDINGS{56,
   author = {{Chevalier}, R.~A.},
    title = "{Young supernova remnants}",
 keywords = {Stellar Evolution, Supernova Remnants, Cassiopeia A, Crab Nebula, Interstellar Matter, Metallicity, Stellar Envelopes, Stellar Mass Ejection, X Ray Spectra},
booktitle = {NATO Advanced Science Institutes (ASI) Series C},
     year = 1982,
   series = {NATO Advanced Science Institutes (ASI) Series C},
   volume = 90,
   editor = {{Rees}, M.~J. and {Stoneham}, R.~J.},
    month = nov,
    pages = {419-432},
   adsurl = {http://adsabs.harvard.edu/abs/1982ASIC...90..419C},
  adsnote = {Provided by the SAO/NASA Astrophysics Data System}
}

@ARTICLE{57,
   author = {{Villar}, V.~A. and {Guillochon}, J. and {Berger}, E. and {Metzger}, B.~D. and
	{Cowperthwaite}, P.~S. and {Nicholl}, M. and {Alexander}, K.~D. and
	{Blanchard}, P.~K. and {Chornock}, R. and {Eftekhari}, T. and
	{Fong}, W. and {Margutti}, R. and {Williams}, P.~K.~G.},
    title = "{The Combined Ultraviolet, Optical, and Near-infrared Light Curves of the Kilonova Associated with the Binary Neutron Star Merger GW170817: Unified Data Set, Analytic Models, and Physical Implications}",
  journal = {\apjl},
archivePrefix = "arXiv",
   eprint = {1710.11576},
 primaryClass = "astro-ph.HE",
 keywords = {catalogs, gravitational waves, stars: neutron},
     year = 2017,
    month = dec,
   volume = 851,
      eid = {L21},
    pages = {L21},
      doi = {10.3847/2041-8213/aa9c84},
   adsurl = {http://adsabs.harvard.edu/abs/2017ApJ...851L..21V},
  adsnote = {Provided by the SAO/NASA Astrophysics Data System}
}

@article{59,
   author = {{Blandford}, R.~D. and {McKee}, C.~F.},
    title = "{Fluid dynamics of relativistic blast waves}",
  journal = {Physics of Fluids},
 keywords = {Detonation Waves, Explosions, Gas Dynamics, Relativistic Velocity, Shock Wave Propagation, Adiabatic Flow, Energy Spectra, Equations Of Motion, Interpolation, Momentum Transfer, Similarity Theorem},
     year = 1976,
    month = aug,
   volume = 19,
    pages = {1130-1138},
      doi = {10.1063/1.861619},
   adsurl = {http://adsabs.harvard.edu/abs/1976PhFl...19.1130B},
  adsnote = {Provided by the SAO/NASA Astrophysics Data System}
}

@article{60,
  title={Propagation of strong shock waves},
  author={Sedov, Leonid I},
  journal={Journal of Applied Mathematics and Mechanics},
  volume={10},
  pages={241--250},
  year={1946}
}

@ARTICLE{61,
   author = {{Kim}, S. and {Schulze}, S. and {Resmi}, L. and {Gonz{\'a}lez-L{\'o}pez}, J. and
	{Higgins}, A.~B. and {Ishwara-Chandra}, C.~H. and {Bauer}, F.~E. and
	{de Gregorio-Monsalvo}, I. and {De Pasquale}, M. and {de Ugarte Postigo}, A. and
	{Kann}, D.~A. and {Mart{\'{\i}}n}, S. and {Oates}, S.~R. and
	{Starling}, R.~L.~C. and {Tanvir}, N.~R. and {Buchner}, J. and
	{Campana}, S. and {Cano}, Z. and {Covino}, S. and {Fruchter}, A.~S. and
	{Fynbo}, J.~P.~U. and {Hartmann}, D.~H. and {Hjorth}, J. and
	{Jakobsson}, P. and {Levan}, A.~J. and {Malesani}, D. and {Micha{\l}owski}, M.~J. and
	{Milvang-Jensen}, B. and {Misra}, K. and {O{\rsquo}Brien}, P.~T. and
	{S{\'a}nchez-Ram{\'{\i}}rez}, R. and {Th{\"o}ne}, C.~C. and
	{Watson}, D.~J. and {Wiersema}, K.},
    title = "{ALMA and GMRT Constraints on the Off-axis Gamma-Ray Burst 170817A from the Binary Neutron Star Merger GW170817}",
  journal = {\apjl},
archivePrefix = "arXiv",
   eprint = {1710.05847},
 primaryClass = "astro-ph.HE",
 keywords = {gamma-ray burst: individual: GRB 170817A, gravitational waves },
     year = 2017,
    month = dec,
   volume = 850,
      eid = {L21},
    pages = {L21},
      doi = {10.3847/2041-8213/aa970b},
   adsurl = {http://adsabs.harvard.edu/abs/2017ApJ...850L..21K},
  adsnote = {Provided by the SAO/NASA Astrophysics Data System}
}

@incollection{62,
title = "SKA1 SYSTEM BASELINEV2 DESCRIPTION",
publisher = "SKAO",
year = "2015",
url = "https://www.skatelescope.org/wp-content/uploads/2014/03/SKA-TEL-SKO-0000308_SKA1_System_Baseline_v2_DescriptionRev01-part-1-signed.pdf",
author = "P. Dewdney",
}
